<?xml version="1.0" encoding="UTF-8"?><record xmlns="http://www.loc.gov/MARC21/slim" xmlns:cinclude="http://apache.org/cocoon/include/1.0" xmlns:zs="http://www.loc.gov/zing/srw/">
  <leader>00531nz  a2200133n  4500</leader>
  <controlfield tag="001">n 2008161540</controlfield>
  <controlfield tag="003">DLC</controlfield>
  <controlfield tag="005">20080416080934.0</controlfield>
  <controlfield tag="008">080415n| acannaabn           a ana      </controlfield>
  <datafield tag="010" ind1=" " ind2=" ">
    <subfield code="a">n 2008161540</subfield>
  </datafield>
  <datafield tag="040" ind1=" " ind2=" ">
    <subfield code="a">DLC</subfield>
    <subfield code="b">eng</subfield>
    <subfield code="c">DLC</subfield>
  </datafield>
  <datafield tag="110" ind1="2" ind2=" ">
    <subfield code="a">Oklahoma Education Association.</subfield>
    <subfield code="b">Art Section</subfield>
  </datafield>
  <datafield tag="510" ind1="2" ind2=" ">
    <subfield code="w">b</subfield>
    <subfield code="a">Oklahoma Arts Education Association</subfield>
  </datafield>
  <datafield tag="670" ind1=" " ind2=" ">
    <subfield code="a">NUCMC data from Museum of the Great Plains for Its Records, 1926-2002</subfield>
    <subfield code="b">(originally known as Oklahoma Education Association, Art Section; in 1973, renamed Oklahoma Arts Education Association)</subfield>
  </datafield>
</record>